@article
{
Mezzacappa2005,
author = "Mezzacappa, A.",
journal = "Annual Reviews of Nuclear Particle Science",
volume = 55,
pages = 467,
year = 2005
}

@article
{
Cardall2013,
author = {{Cardall}, Christian Y. and {Endeve}, Eirik and {Mezzacappa}, Anthony},
title = "{Conservative 3+1 general relativistic variable Eddington tensor radiation transport equations}",
journal = "Physical Review D",
keywords = {95.30.Jx, 05.20.Dd, 47.70.-n, 97.60.Bw, Radiative transfer, scattering, Kinetic theory, Reactive and radiative flows, Supernovae, Astrophysics - High Energy Astrophysical Phenomena},
year = "2013",
month = "May",
volume = {87},
number = {10},
eid = {103004},
pages = {103004},
doi = {10.1103/PhysRevD.87.103004},
archivePrefix = {arXiv},
eprint = {1209.2151},
primaryClass = {astro-ph.HE},
adsurl = {https://ui.adsabs.harvard.edu/abs/2013PhRvD..87j3004C},
adsnote = {Provided by the SAO/NASA Astrophysics Data System}
}

@article
{
Shibata2011,
author = {{Shibata}, M. and {Kiuchi}, K. and {Sekiguchi}, Y. and {Suwa}, Y.},
title = "{Truncated Moment Formalism for Radiation Hydrodynamics in Numerical Relativity}",
journal = {Progress of Theoretical Physics},
keywords = {Astrophysics - High Energy Astrophysical Phenomena, Astrophysics - Solar and Stellar Astrophysics, General Relativity and Quantum Cosmology},
year = "2011",
month = "Jun",
volume = {125},
number = {6},
pages = {1255-1287},
doi = {10.1143/PTP.125.1255},
archivePrefix = {arXiv},
eprint = {1104.3937},
primaryClass = {astro-ph.HE},
adsurl = {https://ui.adsabs.harvard.edu/abs/2011PThPh.125.1255S},
adsnote = {Provided by the SAO/NASA Astrophysics Data System}
}

@article
{
CockburnShu1998,
author = "B. Cockburn and C.-W. Shu",
journal = "Journal of Computational Physics",
volume = 141,
pages = 199,
year = 1998
}

@book
{
HesthavenWarburtonNodalDGMethods,
author = "J. S. Hesthaven and T. Warburton",
title = "Nodal Discontinuous Galerkin Methods: Algorithms, Analysis, and Applications",
publisher = "Springer",
year = 2008
}

@article
{
AMReX,
journal = {Journal of Open Source Software},
doi = {10.21105/joss.01370},
issn = {2475-9066},
number = {37},
publisher = {The Open Journal},
title = {AMReX: a framework for block-structured adaptive mesh refinement},
url = {http://dx.doi.org/10.21105/joss.01370},
volume = {4},
author = {Zhang, Weiqun and Almgren, Ann and Beckner, Vince and Bell, John and Blaschke, Johannes and Chan, Cy and Day, Marcus and Friesen, Brian and Gott, Kevin and Graves, Daniel and Katz, Max and Myers, Andrew and Nguyen, Tan and Nonaka, Andrew and Rosso, Michele and Williams, Samuel and Zingale, Michael},
pages = {1370},
date = {2019-05-12},
year = {2019},
month = {5},
day = {12},
}

@article
{
ThompsonDuncan1993,
author = {{Thompson}, Christopher and {Duncan}, Robert C.},
title = "{Neutron Star Dynamos and the Origins of Pulsar Magnetism}",
journal={The Astrophysical Journal},
keywords = {Dynamo Theory, Neutron Stars, Pulsars, Stellar Convection, Stellar Magnetic Fields, Stellar Physics, Gamma Ray Bursts, Stellar Interiors, Supernovae, Astrophysics, CONVECTION, MAGNETOHYDRODYNAMICS: MHD, STARS: INTERIORS, STARS: MAGNETIC FIELDS, STARS: NEUTRON, STARS: PULSARS: GENERAL},
year = "1993",
month = "May",
volume = {408},
pages = {194},
doi = {10.1086/172580},
adsurl = {https://ui.adsabs.harvard.edu/abs/1993ApJ...408..194T},
adsnote = {Provided by the SAO/NASA Astrophysics Data System}
}

@article
{
Muller2016,
author = "M{\"u}ller, B.",
journal = "Publications of the Astronomical Society of Australia",
volume = 33,
pages = 1,
year = 2016
}

@article
{
Dimmelmeier2002,
author = "Dimmelmeier, H. and Font, J.A. and M{\"u}ller, E.",
journal = "Astronomy \& Astrophysics",
volume = 388,
pages = 917,
year = 2002
}

@article
{
AGILEBOLTZTRAN,
author = {{Liebend{\"o}rfer}, Matthias and {Messer}, O.~E. Bronson and {Mezzacappa}, Anthony and {Bruenn}, Stephen W. and {Cardall}, Christian Y. and {Thielemann}, F. -K.},
title = "{A Finite Difference Representation of Neutrino Radiation Hydrodynamics in Spherically Symmetric General Relativistic Spacetime}",
journal = "The Astrophysical Journal Supplement Series",
keywords = {Hydrodynamics, Methods: Numerical, Neutrinos, Radiative Transfer, Relativity, Stars: Supernovae: General, Astrophysics},
year = "2004",
month = "Jan",
volume = {150},
number = {1},
pages = {263-316},
doi = {10.1086/380191},
archivePrefix = {arXiv},
eprint = {astro-ph/0207036},
primaryClass = {astro-ph},
adsurl = {https://ui.adsabs.harvard.edu/abs/2004ApJS..150..263L},
adsnote = {Provided by the SAO/NASA Astrophysics Data System}
}

@article
{
CHIMERA,
author = "S.W. Bruenn and J.M. Blondin and W.R. Hix and E.J. Lentz and O.E.B Messer and A. Mezzacappa and E Endeve and J.A. Harris, P. Marronetti and R.D. Budiardja and M.A. Chertkow and C.-T. Lee",
year = 2018,
archivePrefix = {arXiv},
eprint = {1809.05608},
primaryClass = {astro-ph}
}

@article
{
FORNAX,
author = "Skinner, M. A. and Dolence, J. C. and Burrows, A. and Radice, D. and Vartanyan, D.",
journal = "The Astrophysical Journal Supplement Series",
volume = 241,
pages = 7,
year = 2019
}

@article
{
ALCAR,
author = "Just, O. and Obergaulinger, M. and Janka, H.-T.",
journal = "Monthly Notices of the Royal Astronomical Society",
volume = 453,
pages = 3386,
year = 2015
}

@article
{
PROMETHEUSVERTEX,
author = {{Rampp}, M. and {Janka}, H. -T.},
title = "{Radiation hydrodynamics with neutrinos. Variable Eddington factor method for core-collapse supernova simulations}",
journal = "Astronomy \& Astrophysics",
keywords = {stars: supernovae: general, elementary particles, hydrodynamics, neutrinos, Astrophysics},
year = "2002",
month = "Dec",
volume = {396},
pages = {361-392},
doi = {10.1051/0004-6361:20021398},
archivePrefix = {arXiv},
eprint = {astro-ph/0203101},
primaryClass = {astro-ph},
adsurl = {https://ui.adsabs.harvard.edu/abs/2002A&A...396..361R},
adsnote = {Provided by the SAO/NASA Astrophysics Data System}
}

@article
{
COCONUTVERTEX,
author = {{M{\"u}ller}, Bernhard and {Janka}, Hans-Thomas and {Dimmelmeier}, Harald},
title = "{A New Multi-dimensional General Relativistic Neutrino Hydrodynamic Code for Core-collapse Supernovae. I. Method and Code Tests in Spherical Symmetry}",
journal = {The Astrophysical Journal Supplement Series},
keywords = {hydrodynamics, methods: numerical, neutrinos, radiative transfer, relativistic processes, supernovae: general, Astrophysics - Solar and Stellar Astrophysics, General Relativity and Quantum Cosmology},
year = "2010",
month = "Jul",
volume = {189},
number = {1},
pages = {104-133},
doi = {10.1088/0067-0049/189/1/104},
archivePrefix = {arXiv},
eprint = {1001.4841},
primaryClass = {astro-ph.SR},
adsurl = {https://ui.adsabs.harvard.edu/abs/2010ApJS..189..104M},
adsnote = {Provided by the SAO/NASA Astrophysics Data System}
}

@inproceedings
{
ZELMANI,
author = {{Ott}, Christian D. and {Schnetter}, Erik and {Burrows}, Adam and {Livne}, Eli and {O'Connor}, Evan and {L{\"o}ffler}, Frank},
title = "{Computational models of stellar collapse and core-collapse supernovae}",
keywords = {Astrophysics - High Energy Astrophysical Phenomena, Astrophysics - Solar and Stellar Astrophysics},
booktitle = {Journal of Physics Conference Series},
year = "2009",
series = {Journal of Physics Conference Series},
volume = {180},
month = "Jul",
eid = {012022},
pages = {012022},
doi = {10.1088/1742-6596/180/1/012022},
archivePrefix = {arXiv},
eprint = {0907.4043},
primaryClass = {astro-ph.HE},
adsurl = {https://ui.adsabs.harvard.edu/abs/2009JPhCS.180a2022O},
adsnote = {Provided by the SAO/NASA Astrophysics Data System}
}

@article
{
FLASH,
author = {{Fryxell}, B. and {Olson}, K. and {Ricker}, P. and {Timmes}, F.~X. and {Zingale}, M. and {Lamb}, D.~Q. and {MacNeice}, P. and {Rosner}, R. and {Truran}, J.~W. and {Tufo}, H.},
title = "{FLASH: An Adaptive Mesh Hydrodynamics Code for Modeling Astrophysical Thermonuclear Flashes}",
journal={The Astrophysical Journal Supplement Series},
keywords = {Equation of State, Hydrodynamics, Methods: Numerical, Nuclear Reactions, Nucleosynthesis, Abundances, Stars: General},
year = "2000",
month = "Nov",
volume = {131},
number = {1},
pages = {273-334},
doi = {10.1086/317361},
adsurl = {https://ui.adsabs.harvard.edu/abs/2000ApJS..131..273F},
adsnote = {Provided by the SAO/NASA Astrophysics Data System}
}

@article
{
GR1D,
author = {{O'Connor}, Evan},
title = "{An Open-source Neutrino Radiation Hydrodynamics Code for Core-collapse Supernovae}",
journal={The Astrophysical Journal Supplement Series},
keywords = {black hole physics, hydrodynamics, neutrinos, radiative transfer, stars: neutron, supernovae: general, Astrophysics - High Energy Astrophysical Phenomena, Nuclear Theory},
year = "2015",
month = "Aug",
volume = {219},
number = {2},
eid = {24},
pages = {24},
doi = {10.1088/0067-0049/219/2/24},
archivePrefix = {arXiv},
eprint = {1411.7058},
primaryClass = {astro-ph.HE},
adsurl = {https://ui.adsabs.harvard.edu/abs/2015ApJS..219...24O},
adsnote = {Provided by the SAO/NASA Astrophysics Data System}
}

@article
{
Kotake,
author = {{Kotake}, Kei and {Takiwaki}, Tomoya and {Fischer}, Tobias and {Nakamura}, Ko and {Mart{\'\i}nez-Pinedo}, Gabriel},
title = "{Impact of Neutrino Opacities on Core-collapse Supernova Simulations}",
journal = {The Astrophysical Journal},
keywords = {hydrodynamics, neutrinos, supernovae: general, Astrophysics - High Energy Astrophysical Phenomena},
year = "2018",
month = "Feb",
volume = {853},
number = {2},
eid = {170},
pages = {170},
doi = {10.3847/1538-4357/aaa716},
archivePrefix = {arXiv},
eprint = {1801.02703},
primaryClass = {astro-ph.HE},
adsurl = {https://ui.adsabs.harvard.edu/abs/2018ApJ...853..170K},
adsnote = {Provided by the SAO/NASA Astrophysics Data System}
}

@article
{
Nagakura,
author = {{Nagakura}, Hiroki and {Sumiyoshi}, Kohsuke and {Yamada}, Shoichi},
title = "{Three-dimensional Boltzmann Hydro Code for Core Collapse in Massive Stars. I. Special Relativistic Treatments}",
journal={The Astrophysical Journal Supplement Series},
keywords = {hydrodynamics, neutrinos, supernovae: general, Astrophysics - High Energy Astrophysical Phenomena},
year = "2014",
month = "Oct",
volume = {214},
number = {2},
eid = {16},
pages = {16},
doi = {10.1088/0067-0049/214/2/16},
archivePrefix = {arXiv},
eprint = {1407.5632},
primaryClass = {astro-ph.HE},
adsurl = {https://ui.adsabs.harvard.edu/abs/2014ApJS..214...16N},
adsnote = {Provided by the SAO/NASA Astrophysics Data System}
}

@article
{
Dimmelmeier2006,
author = "H. Dimmelmeier and N. Stergioulas and J.A. Font",
journal = "Monthly Notices of the Royal Astronomical Society",
volume = 368,
pages = 1609,
year = 2006
}

@article
{
Chu2019,
author = {{Chu}, Ran and {Endeve}, Eirik and {Hauck}, Cory D. and {Mezzacappa}, Anthony},
title = "{Realizability-preserving DG-IMEX method for the two-moment model of fermion transport}",
journal = {Journal of Computational Physics},
keywords = {Boltzmann equation, Radiation transport, Hyperbolic conservation laws, Discontinuous Galerkin, Implicit-explicit, Moment realizability, Physics - Computational Physics, Astrophysics - Instrumentation and Methods for Astrophysics},
year = "2019",
month = "Jul",
volume = {389},
pages = {62-93},
doi = {10.1016/j.jcp.2019.03.037},
archivePrefix = {arXiv},
eprint = {1809.06949},
primaryClass = {physics.comp-ph},
adsurl = {https://ui.adsabs.harvard.edu/abs/2019JCoPh.389...62C},
adsnote = {Provided by the SAO/NASA Astrophysics Data System}
}

@inproceedings
{
Endeve2015,
author = {{Endeve}, Eirik and {Hauck}, Cory and {Xing}, Yulong and {Mezzacappa}, Anthony},
title = "{Discontinuous Galerkin Methods for Neutrino Radiation Transport}",
booktitle = {APS April Meeting Abstracts},
year = "2015",
series = {APS Meeting Abstracts},
volume = {2015},
month = "Apr",
eid = {Y14.005},
pages = {Y14.005},
adsurl = {https://ui.adsabs.harvard.edu/abs/2015APS..APRY14005E},
adsnote = {Provided by the SAO/NASA Astrophysics Data System}
}

@article
{
Radice2013,
author = {{Radice}, David and {Abdikamalov}, Ernazar and {Rezzolla}, Luciano and {Ott}, Christian D.},
title = "{A new spherical harmonics scheme for multi-dimensional radiation transport I. Static matter configurations}",
journal = {Journal of Computational Physics},
keywords = {Astrophysics - High Energy Astrophysical Phenomena, General Relativity and Quantum Cosmology, Physics - Computational Physics},
year = "2013",
month = "Jun",
volume = {242},
pages = {648-669},
doi = {10.1016/j.jcp.2013.01.048},
archivePrefix = {arXiv},
eprint = {1209.1634},
primaryClass = {astro-ph.HE},
adsurl = {https://ui.adsabs.harvard.edu/abs/2013JCoPh.242..648R},
adsnote = {Provided by the SAO/NASA Astrophysics Data System}
}

@article
{
Kitzmann2016,
author = "Kitzmann, D. and Bolte, J. and Patzer, A.B.C",
journal = "Astronomy \& Astrophysics",
volume = 595,
pages = "A90",
year = 2016
}

@article
{
Teukolsky2016,
author = "Teukolsky, S.A.",
journal = "Journal of Computational Physics",
volume = 312,
pages = 333,
year = 2016
}

@book
{
BauerDG,
author = "Bauer, A. and Schaal, K. and Springel, V. and Chandrashekar, P. and Pakmor, R. and Klingenberg, C.",
title = "Software for Exascale Computing--SPPEXA 2013-2015",
year = 2016,
publisher = "Springer"
}

@book
{
RezzollaZanottiRelativisticHydrodynamics,
author = "L. Rezzolla and O. Zanotti",
title = "Relativistic Hydrodynamics",
publisher = "Oxford",
address = "Oxford",
year = 2013
}

@article
{
Bassi2013,
author = {{Bassi}, F. and {Franchina}, N. and {Ghidoni}, A. and {Rebay}, S.},
title = "{A numerical investigation of a spectral-type nodal collocation discontinuous Galerkin approximation of the Euler and Navier-Stokes equations}",
journal = {International Journal for Numerical Methods in Fluids},
year = "2013",
month = "Apr",
volume = {71},
number = {10},
pages = {1322-1339},
doi = {10.1002/fld.3713},
adsurl = {https://ui.adsabs.harvard.edu/abs/2013IJNMF..71.1322B},
adsnote = {Provided by the SAO/NASA Astrophysics Data System}
}

@article
{
CockburnShu2001,
author = "Cockburn, B and Shu, C.-W.",
journal = "Journal of Scientific Computing",
volume = 16,
pages = 173,
year = 2001
}

@article
{
ShuOsher1988,
author = "C.-W. Shu and S. Osher",
journal = "Journal of Computational Physics",
volume = 77,
pages = 439,
year = 1988
}

@article
{
FuShu2017,
author = "G. Fu and C.-W. Shu",
journal = "Journal of Computational Physics",
volume = 347,
pages = 305,
year = 2017
}

@article
{
RadiceRezzolla2011,
author = {{Radice}, David and {Rezzolla}, Luciano},
title = "{Discontinuous Galerkin methods for general-relativistic hydrodynamics: Formulation and application to spherically symmetric spacetimes}",
journal = {Phys. Rev. D},
keywords = {04.25.D-, 02.70.Dh, 04.40.Dg, 47.11.Kb, Numerical relativity, Finite-element and Galerkin methods, Relativistic stars: structure stability and oscillations, Spectral methods, General Relativity and Quantum Cosmology, Astrophysics - Cosmology and Extragalactic Astrophysics, Astrophysics - High Energy Astrophysical Phenomena},
year = "2011",
month = "Jul",
volume = {84},
number = {2},
eid = {024010},
pages = {024010},
doi = {10.1103/PhysRevD.84.024010},
archivePrefix = {arXiv},
eprint = {1103.2426},
primaryClass = {gr-qc},
adsurl = {https://ui.adsabs.harvard.edu/abs/2011PhRvD..84b4010R},
adsnote = {Provided by the SAO/NASA Astrophysics Data System}
}


@article
{
Qin2016,
author = "T. Qin and C.-W. Shu and Y. Yang",
journal = "Journal of Computational Physics",
volume = 315,
pages = 323,
year = 2016
}

@article
{
RadiceRezzolla2012,
author = "D. Radice and L. Rezzolla",
journal = "Astronomy \& Astrophysics",
volume = 547,
pages = "A26",
year = 2012
}

@article
{
MignoneBodo2005,
author = {{Mignone}, A. and {Bodo}, G.},
title = "{An HLLC Riemann solver for relativistic flows - I. Hydrodynamics}",
journal = {MNRAS},
keywords = {hydrodynamics, relativity, shock waves, methods: numerical, Astrophysics},
year = "2005",
month = "Nov",
volume = {364},
number = {1},
pages = {126-136},
doi = {10.1111/j.1365-2966.2005.09546.x},
archivePrefix = {arXiv},
eprint = {astro-ph/0506414},
primaryClass = {astro-ph},
adsurl = {https://ui.adsabs.harvard.edu/abs/2005MNRAS.364..126M},
adsnote = {Provided by the SAO/NASA Astrophysics Data System}
}

@article
{
DelZannaBucciantini2002,
author = "L. Del Zanna and N. Bucciantini",
journal = "Astronomy \& Astrophysics",
volume = 390,
pages = 1177,
year = 2002
}

@article
{
Blondin2003,
author = "J.M. Blondin and A. Mezzacappa and C. DeMarino",
journal = "The Astrophysical Journal",
volume = 584,
pages = 971,
year = 2003
}

@book
{
BaumgarteShapiroNumericalRelativity,
author = "T. W. Baumgarte and S. L. Shapiro",
title = "Numerical Relativity: Solving Einstein's Equations on the Computer",
publisher = "Cambridge",
year = 2010
}

@article
{
Harten1983,
author = "Amiram Harten and Peter D. Lax and Bram Van Leer",
journal = "SIAM Review",
volume = 25,
pages = 35,
year = 1983
}

@article
{
Quirk1994,
author = "Quirk, J.J",
journal = "International Journal for Numerical Methods in Fluids",
volume = 18,
pages = 555,
year = 1994
}

@article
{
Muller2010,
title={A NEW MULTI-DIMENSIONAL GENERAL RELATIVISTIC NEUTRINO HYDRODYNAMIC CODE FOR CORE-COLLAPSE SUPERNOVAE. I. METHOD AND CODE TESTS IN SPHERICAL SYMMETRY},
volume={189},
ISSN={1538-4365},
url={http://dx.doi.org/10.1088/0067-0049/189/1/104},
DOI={10.1088/0067-0049/189/1/104},
number={1},
journal={The Astrophysical Journal Supplement Series},
publisher={IOP Publishing},
author={Müller, Bernhard and Janka, Hans-Thomas and Dimmelmeier, Harald},
year={2010},
month={Jun},
pages={104–133}
}

@article
{
Walk2006,
author = {{Walk}, Laurie and {Tamborra}, Irene and {Janka}, Hans-Thomas and {Summa}, Alexander},
title = "{Neutrino emission characteristics of black hole formation in three-dimensional simulations of stellar collapse}",
journal = {arXiv e-prints},
keywords = {Astrophysics - High Energy Astrophysical Phenomena, High Energy Physics - Phenomenology},
year = "2019",
month = "Oct",
eid = {arXiv:1910.12971},
pages = {arXiv:1910.12971},
archivePrefix = {arXiv},
eprint = {1910.12971},
primaryClass = {astro-ph.HE},
adsurl = {https://ui.adsabs.harvard.edu/abs/2019arXiv191012971W},
adsnote = {Provided by the SAO/NASA Astrophysics Data System}
}

@article
{
BlondinMezzacappa2006,
author = {{Blondin}, John M. and {Mezzacappa}, Anthony},
title = "{The Spherical Accretion Shock Instability in the Linear Regime}",
journal = {The Astrophysical Journal},
keywords = {Accretion, Accretion Disks, Hydrodynamics, Shock Waves, Stars: Supernovae: General, Turbulence, Astrophysics},
year = "2006",
month = "May",
volume = {642},
number = {1},
pages = {401-409},
doi = {10.1086/500817},
archivePrefix = {arXiv},
eprint = {astro-ph/0507181},
primaryClass = {astro-ph},
adsurl = {https://ui.adsabs.harvard.edu/abs/2006ApJ...642..401B},
adsnote = {Provided by the SAO/NASA Astrophysics Data System}
}

@article
{
Dumbser2014,
author = "Dumbser, M. and Zanotti, O. and Loub{\`e}re, R. and Diot S.",
journal = "Journal of Scientific Computing",
volume = 278,
pages = 47,
year = 2014
}

@article
{
Fambri2018,
author = "Fambri, F. and Dumbser, M. and K{\"o}ppel, S. and Rezzolla, L. and Zanotti O.",
journal = "Monthly Notices of the Royal Astronomical Society",
volume = 477,
pages = 4543,
year = 2018
}

@article
{
Laiu2019,
author =       {Laiu, P. and Harris, J.~A. and Chu, R. and Endeve, E.},
title =        {},
year = {2019},
journal =     {AstroNum 2019 Conference Proceedings},
pages =        {},
doi =          {},
keywords =     {},
}

@article
{
Hunter2007,
Author    = {Hunter, J. D.},
Title     = {Matplotlib: A 2D graphics environment},
Journal   = {Computing in Science \& Engineering},
Volume    = {9},
Number    = {3},
Pages     = {90--95},
abstract  = {Matplotlib is a 2D graphics package used for Python for
application development, interactive scripting, and publication-quality
image generation across user interfaces and operating systems.},
publisher = {IEEE COMPUTER SOC},
doi       = {10.1109/MCSE.2007.55},
year      = 2007
}

@book
{
OliphantNumPy,
author = {Oliphant, Travis E.},
title = {Guide to NumPy},
year = {2015},
isbn = {151730007X, 9781517300074},
edition = {2nd},
publisher = {CreateSpace Independent Publishing Platform},
address = {USA},
}

@article
{
Turk2011yt,
author = {{Turk}, M.~J. and {Smith}, B.~D. and {Oishi}, J.~S. and {Skory}, S. and {Skillman}, S.~W. and {Abel}, T. and {Norman}, M.~L.},
title = "{yt: A Multi-code Analysis Toolkit for Astrophysical Simulation Data}",
journal = {The Astrophysical Journal Supplement Series},
archivePrefix = "arXiv",
eprint = {1011.3514},
primaryClass = "astro-ph.IM",
keywords = {cosmology: theory, methods: data analysis, methods: numerical },
year = 2011,
month = jan,
volume = 192,
eid = {9},
pages = {9},
doi = {10.1088/0067-0049/192/1/9},
adsurl = {http://adsabs.harvard.edu/abs/2011ApJS..192....9T},
adsnote = {Provided by the SAO/NASA Astrophysics Data System}
}
